@article{jaulin2010resolution,
  title={Resolution of nonlinear interval problems using symbolic interval arithmetic},
  author={Jaulin, Luc and Chabert, Gilles},
  journal={Engineering Applications of Artificial Intelligence},
  volume={23},
  number={6},
  pages={1035--1040},
  year={2010},
  publisher={Elsevier}
}
@article{jaulin1993set,
  title={Set inversion via interval analysis for nonlinear bounded-error estimation},
  author={Jaulin, Luc and Walter, Eric},
  journal={Automatica},
  volume={29},
  number={4},
  pages={1053--1064},
  year={1993},
  publisher={Pergamon}
}
@article {Ranganathan10ijrr,
	title = {Online Probabilistic Topological Mapping},
	journal = {IJRR},
	year = {2010},
	url = {http://frank.dellaert.com/pub/Ranganathan10ijrr.pdf},
	author = {Ananth Ranganathan and Frank Dellaert}
}
@phdthesis {Bet14,
	title = {Interval Analysis for swarm localization. Application to underwater},
	year = {2014},
	author = {Bethencourt, Aymeric},
	school = {ENSTA Bretagne}
}
@article{di2004set,
  title={A set theoretic approach to dynamic robot localization and mapping},
  author={Di Marco, Mauro and Garulli, Andrea and Giannitrapani, Antonio and Vicino, Antonio},
  journal={Autonomous robots},
  volume={16},
  number={1},
  pages={23--47},
  year={2004},
  publisher={Springer}
}
@ARTICLE{garullisimultaneous, 
author={Garulli, M Di Marco A and Vicino, A Giannitrapani A}, 
journal={IEEE Transactions on Robotics and Automation}, 
title={Simultaneous localization and map building for a team of cooperating robots: a set membership approach}, 
year={2003}, 
volume={19}, 
number={2}, 
pages={238-249},  
doi={10.1109/TRA.2003.808849}, 
ISSN={1042-296X}, 
month={Apr},
}
@incollection{drocourt2003incremental,
  title={Incremental construction of the robotâ€™s environmental map using interval analysis},
  author={Drocourt, Cyril and Delahoche, Laurent and Brassart, Eric and Marhic, Bruno and Cl{\'e}rentin, Arnaud},
  booktitle={Global Optimization and Constraint Satisfaction},
  pages={127--141},
  year={2003},
  publisher={Springer}
}
@book{jaulin2001applied,
  title={Applied interval analysis: with examples in parameter and state estimation, robust control and robotics},
  author={Jaulin, Luc},
  volume={1},
  year={2001},
  publisher={Springer Science \& Business Media}
}
@inproceedings{kohlbrecher2011flexible,
  title={A flexible and scalable slam system with full 3d motion estimation},
  author={Kohlbrecher, Stefan and Von Stryk, Oskar and Meyer, Johannes and Klingauf, Uwe},
  booktitle={Safety, Security, and Rescue Robotics (SSRR), 2011 IEEE International Symposium on},
  pages={155--160},
  year={2011},
  organization={IEEE}
}
@inproceedings{montemerlo2002fastslam,
  title={FastSLAM: A factored solution to the simultaneous localization and mapping problem},
  author={Montemerlo, Michael and Thrun, Sebastian and Koller, Daphne and Wegbreit, Ben and others},
  booktitle={Aaai/iaai},
  pages={593--598},
  year={2002}
}
@online{sven13,
        title = {Particle Filter Explained without Equations},
        date = {2013},
        organization = {UPPSALA UNIVERSITET},
        author =  {Svensson, Andreas},
        url = {https://www.youtube.com/watch?v=aUkBa1zMKv4},
        howpublished = "\url{https://www.youtube.com/watch?v=aUkBa1zMKv4}"
}